@misc{site_arduino,
    title   = {Arduino {Site}},
    url     = {https://www.arduino.cc/},
    urldate = {2023-05-07}
}